% Encoding: UTF-8
% Abbreviations, see https://woodward.library.ubc.ca/research-help/journal-abbreviations/

@Article{SchapplerTapOrt2019,
  author    = {Schappler, Moritz and Tappe, Svenja and Ortmaier, Tobias},
  title     = {Modeling Parallel Robot Kinematics for {3T2R} and {3T3R} Tasks Using Reciprocal Sets of {Euler} Angles},
  xxdoi       = {10.3390/robotics8030068},
  issn      = {2218-6581},
  issue     = {Special Issue "Kinematics and Robot Design II"},
  number    = {3},
  volume    = {8},
  journal   = {MDPI Robotics},
  publisher = {Multidisciplinary Digital Publishing Institute},
  year      = {2019},
}

@Book{Gogu2008,
  author    = {Gogu, Grigore},
  title     = {Structural Synthesis of Parallel Robots, Part 1: Methodology},
  xxdoi       = {10.1007/978-1-4020-5710-6},
  publisher = {Springer},
  series    = {Solid Mechanics and Its Applications},
  volume    = {866},
  year      = {2008},
}

@Book{KongGos2007,
  author    = {Kong, Xianwen and Gosselin, Clément M.},
  title     = {Type synthesis of parallel mechanisms},
  year      = {2007},
  publisher = {Springer},
  xxpublisher = {Publishing Company, Incorporated},
  xxdoi       = {10.1007/978-3-540-71990-8},
}

@Book{BriotKha2015,
  title     = {Dynamics of parallel robots},
  publisher = {Springer},
  year      = {2015},
  author    = {Briot, Sébastien and Khalil, Wisama},
  volume    = {35},
  series    = {Mech. Mach. Sci.},
  xxdoi       = {10.1007/978-3-319-19788-3},
}

@Book{Merlet2006,
  author    = {Merlet, Jean-Pierre},
  title     = {Parallel Robots},
  xxdoi       = {10.1007/1-4020-4133-0},
  edition   = {2nd},
  publisher = {Springer Science \& Business Media},
  series    = {Solid Mechanics and Its Applications},
  volume    = {128},
  year      = {2006},
}


@Article{HuangLi2003,
  author    = {Huang, Zhen and Li, Qinchuan},
  journal   = {Int. J. Rob. Res.},
  title     = {Type synthesis of symmetrical lower-mobility parallel mechanisms using the constraint-synthesis method},
  year      = {2003},
  number    = {1},
  pages     = {59--79},
  volume    = {22},
  publisher = {SAGE Publications},
}

@Article{FangTsa2002,
  author    = {Fang, Yuefa and Tsai, Lung-Wen},
  title     = {Structure synthesis of a class of 4-{DoF} and 5-{DoF} parallel manipulators with identical limb structures},
  number    = {9},
  pages     = {799--810},
  volume    = {21},
  journal   = {Int. J. Rob. Res.},
  publisher = {SAGE Publications Sage UK: London, England},
  year      = {2002},
}

